% Encoding: UTF-8


@Article{abbate1997signal,
  Title                    = {Signal detection and noise suppression using a wavelet transform signal processor: application to ultrasonic flaw detection},
  Author                   = {Abbate, A. and Koay, J. and Frankel, J. and Schroeder, S. C. and Das, P.},
  Journal                  = IEEE_J_UFFC,
  Year                     = {1997},
  Number                   = {1},
  Pages                    = {14--26},
  Volume                   = {44},

  __markedentry            = {[mafontai:3]},
  Publisher                = {IEEE}
}

@Article{achim2006sar,
  Title                    = {{SAR} image filtering based on the heavy-tailed {R}ayleigh model},
  Author                   = {Achim, A. and Kuruoglu, E. E. and Zerubia, J.},
  Journal                  = IEEE_J_IP,
  Year                     = {2006},
  Number                   = {9},
  Pages                    = {2686--2693},
  Volume                   = {15},

  __markedentry            = {[mafontai:3]},
  Owner                    = {mafontai},
  Publisher                = {IEEE},
  Timestamp                = {2017.07.03}
}

@Article{adali2014source,
  Title                    = {Source separation and applications},
  Author                   = {Adal{\i}, T. and Jutten, C. and Yeredor, A. and Cichocki, A. and Moreau, E.},
  Journal                  = IEEE_M_SP,
  Year                     = {2014}
}

@Book{arulampalam2004beyond,
  Title                    = {Beyond the {K}alman filter: Particle filters for tracking applications},
  Author                   = {Arulampalam, B. R. S.},
  Publisher                = {Artech House},
  Year                     = {2004},

  __markedentry            = {[mafontai:3]},
  Owner                    = {mafontai},
  Timestamp                = {2017.07.03}
}

@Article{arulampalam2002tutorial,
  Title                    = {A tutorial on particle filters for online nonlinear/non-{G}aussian {B}ayesian tracking},
  Author                   = {Arulampalam, M. S. and Maskell, S. and Gordon, N. and Clapp, T.},
  Journal                  = IEEE_J_SP,
  Year                     = {2002},
  Number                   = {2},
  Pages                    = {174--188},
  Volume                   = {50},

  __markedentry            = {[mafontai:3]},
  Owner                    = {mafontai},
  Publisher                = {Ieee},
  Timestamp                = {2017.07.03}
}

@Article{banham1997digital,
  Title                    = {Digital image restoration},
  Author                   = {Banham, M. R. and Katsaggelos, A. K.},
  Journal                  = IEEE_M_SP,
  Year                     = {1997},
  Number                   = {2},
  Pages                    = {24--41},
  Volume                   = {14},

  __markedentry            = {[mafontai:3]},
  Publisher                = {IEEE}
}

@article{ma1995parameter,
  title={Parameter estimation and blind channel identification in impulsive signal environments},
  author={Ma, X. and Nikias, C.L.},
  journal={IEEE Transactions on signal processing},
  volume={43},
  number={12},
  pages={2884--2897},
  year={1995},
  publisher={IEEE}
}

@Book{bellman2013dynamic,
  Title                    = {Dynamic programming},
  Author                   = {Bellman, R.},
  Publisher                = {Courier Corporation},
  Year                     = {2013},

  Owner                    = {mafontai},
  Timestamp                = {2017.08.09}
}

@InCollection{benesty2005study,
  Title                    = {Study of the {W}iener filter for noise reduction},
  Author                   = {Benesty, J. and Chen, J. and Huang, Y. A. and Doclo, S.},
  Booktitle                = {Speech Enhancement},
  Publisher                = {Springer},
  Year                     = {2005},
  Pages                    = {9--41},

  __markedentry            = {[mafontai:3]}
}

@PhdThesis{bergman1999recursive,
  Title                    = {Recursive {B}ayesian estimation},
  Author                   = {Bergman, N.},
  School                  = {Department of Electrical Engineering, Link{\"o}ping University, Link{\"o}ping Studies in Science and Technology. Doctoral dissertation},
  Year                     = {1999},
  Pages                    = {11},
  Volume                   = {579},

  __markedentry            = {[mafontai:3]},
  Owner                    = {mafontai},
  Timestamp                = {2017.07.03}
}

@Book{bishop2006pattern,
  Title                    = {Pattern recognition and machine learning},
  Author                   = {Bishop, C. M.},
  Publisher                = {Springer},
  Year                     = {2006},

  __markedentry            = {[mafontai:3]}
}

@Article{blankertz2008optimizing,
  Title                    = {Optimizing spatial filters for robust {EEG} single-trial analysis},
  Author                   = {Blankertz, B. and Tomioka, R. and Lemm, S. and Kawanabe, M. and Muller, K-R.},
  Journal                  = IEEE_M_SP,
  Year                     = {2008},
  Number                   = {1},
  Pages                    = {41--56},
  Volume                   = {25},

  __markedentry            = {[mafontai:3]},
  Owner                    = {mafontai},
  Publisher                = {IEEE},
  Timestamp                = {2017.07.03}
}

@Article{bodenschatz1997symmetric,
  Title                    = {Symmetric alpha-stable filter theory},
  Author                   = {Bodenschatz, J. S. and Nikias, C. L.},
  Journal                  = IEEE_J_SP,
  Year                     = {1997},
  Number                   = {9},
  Pages                    = {2301--2306},
  Volume                   = {45},

  __markedentry            = {[mafontai:3]},
  Owner                    = {mafontai},
  Publisher                = {IEEE},
  Timestamp                = {2017.07.03}
}

@Article{boll1979suppression,
  Title                    = {Suppression of acoustic noise in speech using spectral subtraction},
  Author                   = {Boll, S.},
  Journal                  = IEEE_J_ASSP,
  Year                     = {1979},
  Number                   = {2},
  Pages                    = {113--120},
  Volume                   = {27},

  Publisher                = {IEEE}
}

@Book{boyd2004convex,
  Title                    = {Convex optimization},
  Author                   = {Boyd, S. and Vandenberghe, L.},
  Publisher                = {Cambridge university press},
  Year                     = {2004}
}

@InProceedings{buchner2005simultaneous,
  Title                    = {Simultaneous localization of multiple sound sources using blind adaptive {MIMO} filtering},
  Author                   = {Buchner, H. and Aichner, R. and Stenglein, J. and Teutsch, H. and Kellennann, W.},
  Booktitle                = {Proc. of International Conference on Acoustics, Speech, and Signal Processing (ICASSP)},
  Year                     = {2005},
  Organization             = {IEEE},
  Pages                    = {iii/97-iii/100},
  Volume                   = {3},

  __markedentry            = {[mafontai:3]}
}

@article{cambanis1981theory,
  title={On the theory of elliptically contoured distributions},
  author={Cambanis, S. and Huang, S. and Simons, G.},
  journal={Journal of Multivariate Analysis},
  volume={11},
  number={3},
  pages={368--385},
  year={1981},
  publisher={Elsevier}
}

@Article{cardoso1998blind,
  Title                    = {Blind signal separation: statistical principles},
  Author                   = {Cardoso, J-F.},
  Journal                  = IEEE_J_PROC,
  Year                     = {1998},
  Number                   = {10},
  Pages                    = {2009--2025},
  Volume                   = {86},

  __markedentry            = {[mafontai:3]},
  Owner                    = {mafontai},
  Publisher                = {IEEE},
  Timestamp                = {2017.07.06}
}

@article{de1984spectral,
  title={A spectral representation for max-stable processes},
  author={De Haan, L. and others},
  journal={The annals of probability},
  volume={12},
  number={4},
  pages={1194--1204},
  year={1984},
  publisher={Institute of Mathematical Statistics}
}

@InProceedings{deng1993adaptive,
  Title                    = {An adaptive {G}aussian filter for noise reduction and edge detection},
  Author                   = {Deng, G. and Cahill, L. W.},
  Booktitle                = {Conf. Record. of Nuclear Science Symposium and Medical Imaging Conference},
  Year                     = {1993},
  Organization             = {IEEE},
  Pages                    = {1615--1619},

  __markedentry            = {[mafontai:3]},
  Owner                    = {mafontai},
  Timestamp                = {2017.07.03}
}

@InProceedings{dumortier2017recursive,
  Title                    = {Recursive {B}ayesian estimation of the acoustic noise emitted by wind farms},
  Author                   = {Dumortier, B. and Vincent, E. and Deaconu, M.},
  Booktitle                = {Proc. of International Conference on Acoustics, Speech, and Signal Processing (ICASSP)},
  Organization             = {IEEE},
  Year                     = {2017}
}

@Article{duong_TSALP2010,
  Title                    = {Under-Determined Reverberant Audio Source Separation Using a Full-Rank Spatial Covariance Model},
  Author                   = {Duong, N. Q. K. and Vincent, E. and Gribonval, R.},
  Journal                  = IEEE_J_ASLP,
  Year                     = {2010},

  Month                    = {Sept.},
  Number                   = {7},
  Pages                    = {1830 -1840},
  Volume                   = {18},

  __markedentry            = {[mafontai:3]},
  Doi                      = {10.1109/TASL.2010.2050716},
  ISSN                     = {1558-7916},
  Keywords                 = {audio source separation;blind source separation;covariance encodes;full-rank unconstrained model;iterative expectation-maximization algorithms;mixture channels;spatial characteristics;spatial covariance model;time frequency domain;underdetermined reverberant;zero-mean Gaussian random variable;audio signal processing;covariance analysis;source separation;},
  Owner                    = {papa},
  Timestamp                = {2012.05.14}
}

@InProceedings{fontaine2017explaining,
  Title                    = {Explaining the Parameterized {W}iener Filter with Alpha-Stable Processes},
  Author                   = {Fontaine, M. and Liutkus, A. and Girin, L. and Badeau, R.},
  Booktitle                = {Proc. of Workshop on Applications of Signal Processing to Audio and Acoustics (WASPAA)},
  Year                     = {2017},
  Organization             = {IEEE},
  __markedentry            = {[mafontai:3]},
  Owner                    = {mafontai},
  Timestamp                = {2017.07.27}
}

@InProceedings{fontaine2017EUSIPCO,
  Title                    = {Scalable source localization with multichannel alpha-stable distributions},
  Author                   = {Fontaine, M. and Vanwynsberghe, C. and Liutkus, A. and Badeau, R.},
  Booktitle                = {Proc. of 25th European Signal Processing Conference (EUSIPCO)},
  Year                     = {2017},
  Month                    = {Aug.},
  Pages                    = {11-15},

  Owner                    = {mafontai},
  Timestamp                = {2017.07.31}
}

@InProceedings{foucher2006sar,
  Title                    = {{SAR} image filtering based on the stationary contourlet transform},
  Author                   = {Foucher, S. and Farage, G. and Benie, G.},
  Booktitle                = {Proc. of International Conference on Geoscience and Remote Sensing Symposium (IGARSS)},
  Year                     = {2006},
  Organization             = {IEEE},
  Pages                    = {4021--4024},

  __markedentry            = {[mafontai:3]}
}

@InProceedings{ghael1997improved,
  Title                    = {Improved wavelet denoising via empirical {W}iener filtering},
  Author                   = {Ghael, S. and Sayeed, A. M. and Baraniuk, R. G.},
  Booktitle                = {Proc. of SPIE Technical Conference on Wavelet Applications in Signal Processing},
  Year                     = {1997},

  __markedentry            = {[mafontai:3]}
}

@Article{godsill2002digital,
  Title                    = {Digital audio restoration},
  Author                   = {Godsill, S. and Rayner, P. and Capp{\'e}, O.},
  Journal                  = {Applications of digital signal processing to audio and acoustics},
  Year                     = {2002},
  Pages                    = {133--194},

  __markedentry            = {[mafontai:3]},
  Publisher                = {Springer}
}

@Article{godsill1995bayesian,
  Title                    = {A {B}ayesian approach to the restoration of degraded audio signals},
  Author                   = {Godsill, S. J. and Rayner, P. J. W.},
  Journal                  = IEEE_J_SAP,
  Year                     = {1995},
  Number                   = {4},
  Pages                    = {267--278},
  Volume                   = {3},

  __markedentry            = {[mafontai:3]},
  Publisher                = {IEEE}
}

@Book{gurevich1966integral,
  Title                    = {Integral, measure, and derivative: a unified approach},
  Author                   = {Shilov, G. E. and Gurevich, B. L.},
  Publisher                = {Courier Corporation},
  Year                     = {1966}
}

@Article{Haddad1991,
  Title                    = {A class of fast {G}aussian binomial filters for speech and image processing},
  Author                   = {Haddad, R. A. and Akansu, A. N.},
  Journal                  = IEEE_J_SP,
  Year                     = {1991},
  Number                   = {3},
  Pages                    = {723--727},
  Volume                   = {39},

  __markedentry            = {[mafontai:3]},
  Owner                    = {mafontai},
  Publisher                = {IEEE},
  Timestamp                = {2017.07.03}
}

@Article{haddad1991class,
  Title                    = {A class of fast {G}aussian binomial filters for speech and image processing},
  Author                   = {Haddad, R. A. and Akansu, A. N.},
  Journal                  = IEEE_J_SP,
  Year                     = {1991},
  Number                   = {3},
  Pages                    = {723--727},
  Volume                   = {39},

  __markedentry            = {[mafontai:3]},
  Owner                    = {mafontai},
  Publisher                = {IEEE},
  Timestamp                = {2017.07.03}
}

@Book{halmos2013measure,
  Title                    = {Measure theory},
  Author                   = {Halmos, P. R.},
  Publisher                = {Springer},
  Year                     = {2013},
  Volume                   = {18}
}

@article{hardin1982spectral,
  title={On the spectral representation of symmetric stable processes},
  author={Hardin J., Clyde D.},
  journal={Journal of Multivariate Analysis},
  volume={12},
  number={3},
  pages={385--401},
  year={1982},
  publisher={Elsevier}
}

@Book{harvey1990forecasting,
  Title                    = {Forecasting, structural time series models and the {K}alman filter},
  Author                   = {Harvey, A. C.},
  Publisher                = {Cambridge university press},
  Year                     = {1990},

  __markedentry            = {[mafontai:3]}
}

@InProceedings{julier1997new,
  Title                    = {A new extension of the {K}alman filter to nonlinear systems},
  Author                   = {Julier, S. J. and Uhlmann, J. K.},
  Booktitle                = {Int. symp. aerospace/defense sensing, simul. and controls},
  Year                     = {1997},
  Number                   = {26},
  Organization             = {Orlando, FL},
  Pages                    = {182--193},
  Volume                   = {3},

  __markedentry            = {[mafontai:3]},
  Owner                    = {mafontai},
  Timestamp                = {2017.07.03}
}

@article{kabluchko2009spectral,
  title={Spectral representations of sum-and max-stable processes},
  author={Kabluchko, Z.},
  journal={Extremes},
  volume={12},
  number={4},
  pages={401},
  year={2009},
  publisher={Springer}
}

@Book{kailath2000linear,
  Title                    = {Linear estimation},
  Author                   = {Kailath, T. and Sayed, A. H. and Hassibi, B.},
  Publisher                = {Prentice Hall Upper Saddle River, NJ},
  Year                     = {2000},
  Volume                   = {1},

  __markedentry            = {[mafontai:3]},
  Owner                    = {mafontai},
  Timestamp                = {2017.06.29}
}

@Article{kalman1960new,
  Title                    = {A new approach to linear filtering and prediction problems},
  Author                   = {Kalman, R. E.},
  Journal                  = {Journal of basic Engineering},
  Year                     = {1960},
  Number                   = {1},
  Pages                    = {35--45},
  Volume                   = {82},

  __markedentry            = {[mafontai:3]}
}

@Article{kang2007real,
  Title                    = {Real-time image restoration for iris recognition systems},
  Author                   = {Kang, B. J. and Park, K. R.},
  Journal                  = IEEE_J_SMCB,
  Year                     = {2007},
  Number                   = {6},
  Pages                    = {1555--1566},
  Volume                   = {37},

  __markedentry            = {[mafontai:3]},
  Publisher                = {IEEE}
}

@InProceedings{karhunen1997applications,
  Title                    = {Applications of neural blind separation to signal and image processing},
  Author                   = {Karhunen, J. and Hyvarinen, A. and Vig{\'a}rio, R. and Hurri, J. and Oja, E.},
  Booktitle                = {Proc. of International Conference on Acoustics, Speech, and Signal Processing (ICASSP)},
  Year                     = {1997},
  Organization             = {IEEE},
  Pages                    = {131--134},
  Volume                   = {1}
}

@PhdThesis{kidmose2001blind,
  Title                    = {Blind separation of heavy tail signals},
  Author                   = {Kidmose, P.},
  School                   = {Institute of Mathematical Modelling, Technical University of Denmark},
  Year                     = {2001},

  Address                  = {Kongens Lyngby, Denmark},

  __markedentry            = {[mafontai:1]},
  Owner                    = {mafontai},
  Timestamp                = {2016.05.17}
}

@Article{laufs2003eeg,
  Title                    = {{EEG}-correlated {fMRI} of human alpha activity},
  Author                   = {Laufs, H. and Kleinschmidt, A. and Beyerle, A. and Eger, E. and Salek-Haddadi, A. and Preibisch, C. and Krakow, K.},
  Journal                  = {Neuroimage},
  Year                     = {2003},
  Number                   = {4},
  Pages                    = {1463--1476},
  Volume                   = {19},

  __markedentry            = {[mafontai:3]},
  Owner                    = {mafontai},
  Publisher                = {Elsevier},
  Timestamp                = {2017.07.05}
}

@InProceedings{liutkus2015generalized,
  Title                    = {Generalized {W}iener filtering with fractional power spectrograms},
  Author                   = {Liutkus, A. and Badeau, R.},
  Booktitle                = {Proc. of International Conference on Acoustics, Speech and Signal Processing (ICASSP)},
  Year                     = {2015},
  Organization             = {IEEE},
  Pages                    = {266--270},

  Owner                    = {mafontai},
  Timestamp                = {2016.05.17}
}

@Article{liutkus2011gaussian,
  Title                    = {Gaussian processes for underdetermined source separation},
  Author                   = {Liutkus, A. and Badeau, R. and Richard, G.},
  Journal                  = IEEE_J_SP,
  Year                     = {2011},
  Number                   = {7},
  Pages                    = {3155--3167},
  Volume                   = {59},

  __markedentry            = {[mafontai:3]},
  Owner                    = {mafontai},
  Publisher                = {IEEE},
  Timestamp                = {2017.07.06}
}

@Article{muller1999designing,
  Title                    = {Designing optimal spatial filters for single-trial {EEG} classification in a movement task},
  Author                   = {M{\"u}ller-Gerking, J. and Pfurtscheller, G. and Flyvbjerg, H.},
  Journal                  = {Clinical neurophysiology},
  Year                     = {1999},
  Number                   = {5},
  Pages                    = {787--798},
  Volume                   = {110},

  __markedentry            = {[mafontai:3]},
  Owner                    = {mafontai},
  Publisher                = {Elsevier},
  Timestamp                = {2017.07.03}
}

@Article{mandelbrot1960pareto,
  Title                    = {The {P}areto-{L}\'evy law and the distribution of income},
  Author                   = {Mandelbrot, B.},
  Journal                  = {International Economic Review},
  Year                     = {1960},
  Number                   = {2},
  Pages                    = {79--106},
  Volume                   = {1},
  Month                    = {May},
  __markedentry            = {[mafontai:3]}
}

@Article{masry2000alpha,
  Title                    = {Alpha-stable signals and adaptive filtering},
  Author                   = {Masry, E.},
  Journal                  = IEEE_J_SP,
  Year                     = {2000},
  Number                   = {11},
  Pages                    = {3011--3016},
  Volume                   = {48},

  __markedentry            = {[mafontai:3]},
  Owner                    = {mafontai},
  Publisher                = {Institute of Electrical and Electronics Engineers},
  Timestamp                = {2017.07.03}
}

@Article{matthies1989kalman,
  Title                    = {Kalman filter-based algorithms for estimating depth from image sequences},
  Author                   = {Matthies, L. and Kanade, T. and Szeliski, R.},
  Journal                  = {International Journal of Computer Vision},
  Year                     = {1989},
  Number                   = {3},
  Pages                    = {209--238},
  Volume                   = {3},

  __markedentry            = {[mafontai:3]},
  Publisher                = {Springer}
}

@Article{molina2001image,
  Title                    = {Image restoration in astronomy: a {B}ayesian perspective},
  Author                   = {Molina, R. and N{\'u}{\~n}ez, J. and Cortijo, F. J. and Mateos, J.},
  Journal                  = IEEE_M_SP,
  Year                     = {2001},
  Number                   = {2},
  Pages                    = {11--29},
  Volume                   = {18},

  __markedentry            = {[mafontai:3]},
  Publisher                = {IEEE}
}

@Book{moll2015special,
  Title                    = {Special integrals of {G}radshteyn and {R}yzhik: the proofs},
  Author                   = {Moll, V. H.},
  Publisher                = {CRC Press},
  Year                     = {2015},
  Volume                   = {2}
}

@Article{moussaoui2008decomposition,
  Title                    = {On the decomposition of {M}ars hyperspectral data by {ICA} and {B}ayesian positive source separation},
  Author                   = {Moussaoui, S. and Hauksdottir, H. and Schmidt, F. and Jutten, C. and Chanussot, J. and Brie, D. and Dout{\'e}, S. and Benediktsson, J. A.},
  Journal                  = {Neurocomputing},
  Year                     = {2008},
  Number                   = {10-12},
  Pages                    = {2194--2208},
  Volume                   = {71},

  Owner                    = {mafontai},
  Publisher                = {Elsevier},
  Timestamp                = {2018.04.12}
}

@Book{nikias1995signal,
  Title                    = {Signal processing with alpha-stable distributions and applications},
  Author                   = {Nikias, C. L. and Shao, M.},
  Publisher                = {Wiley},
  Year                     = {1995},
  Series                   = {Adaptive and learning systems for signal processing, communications, and control},

  __markedentry            = {[mafontai:1]},
  ISBN                     = {9780471106470},
  Lccn                     = {lc95001482},
  Owner                    = {mafontai},
  Timestamp                = {2016.07.23}
}

@Article{nolan2001estimation,
  Title                    = {Estimation of stable spectral measures},
  Author                   = {Nolan, J. P. and Panorska, A. K. and McCulloch, J. H.},
  Journal                  = {Mathematical and Computer Modelling},
  Year                     = {2001},
  Number                   = {9},
  Pages                    = {1113--1122},
  Volume                   = {34},

  __markedentry            = {[mafontai:1]},
  Owner                    = {mafontai},
  Publisher                = {Elsevier},
  Timestamp                = {2016.07.24}
}

@article{pivato2003estimating,
  title={Estimating the spectral measure of a multivariate stable distribution via spherical harmonic analysis},
  author={Pivato, M. and Seco, L.},
  journal={Journal of Multivariate Analysis},
  volume={87},
  number={2},
  pages={219--240},
  year={2003},
  publisher={Elsevier}
}

@InProceedings{roth2013student,
  Title                    = {A {S}tudent's t filter for heavy tailed process and measurement noise},
  Author                   = {Roth, M. and {\"O}zkan, E. and Gustafsson, F.},
  Booktitle                = {Proc. of International Conference on Acoustics, Speech and Signal Processing (ICASSP)},
  Year                     = {2013},
  Organization             = {IEEE},
  Pages                    = {5770--5774},

  __markedentry            = {[mafontai:3]},
  Owner                    = {mafontai},
  Timestamp                = {2017.07.03}
}

@Article{ruiz1994quasi,
  Title                    = {Quasi-maximum likelihood estimation of stochastic volatility models},
  Author                   = {Ruiz, E.},
  Journal                  = {Journal of econometrics},
  Year                     = {1994},
  Number                   = {1},
  Pages                    = {289--306},
  Volume                   = {63},

  __markedentry            = {[mafontai:3]},
  Publisher                = {Elsevier}
}

@Article{sonmez2016sample,
  Title                    = {Sample path properties of multivariate operator-self-similar stable random fields},
  Author                   = {S{\"o}nmez, E.},
  Journal                  = {arXiv preprint arXiv:1602.01282},
  Year                     = {2016},

  Owner                    = {mafontai},
  Timestamp                = {2018.04.16}
}

@Book{samoradnitsky1994stable,
  Title                    = {Stable non-{G}aussian random processes: stochastic models with infinite variance},
  Author                   = {Samoradnitsky, G. and Taqqu, M.},
  Publisher                = {CRC Press},
  Year                     = {1994},
  Volume                   = {1},

  __markedentry            = {[mafontai:3]},
  Owner                    = {mafontai},
  Timestamp                = {2017.08.01}
}

@InProceedings{skoglund2015extended,
  Title                    = {Extended {K}alman filter modifications based on an optimization view point},
  Author                   = {Skoglund, M. A. and Hendeby, G. and Axehill, D.},
  Booktitle                = {Proc. of 18th International Conference on Information Fusion (Fusion)},
  Year                     = {2015},
  Organization             = {IEEE},
  Pages                    = {1856--1861},

  __markedentry            = {[mafontai:3]}
}

@Article{stuck1974statistical,
  Title                    = {A statistical analysis of telephone noise},
  Author                   = {Stuck, B. W. and Kleiner, B.},
  Journal                  = {Bell Labs Technical Journal},
  Year                     = {1974},
  Number                   = {7},
  Pages                    = {1263--1320},
  Volume                   = {53},

  __markedentry            = {[mafontai:3]},
  Publisher                = {Wiley Online Library}
}

@Book{unser2014introduction,
  Title                    = {An introduction to sparse stochastic processes},
  Author                   = {Unser, M. and Tafti, P.},
  Publisher                = {Cambridge University Press},
  Year                     = {2014},

  __markedentry            = {[mafontai:3]},
  Owner                    = {mafontai},
  Timestamp                = {2017.08.01}
}

@PhdThesis{van2004sigma,
  Title                    = {Sigma-point {K}alman filters for probabilistic inference in dynamic state-space models},
  Author                   = {Van Der Merwe, R.},
  Year                     = {2004},
  School                   = {Oregon Health \& Science University},
  __markedentry            = {[mafontai:3]}
}

@Article{VanDerMerwe2004,
  Title                    = {Sigma-point {K}alman filters for probabilistic inference in dynamic state-space models},
  Author                   = {Van Der Merwe, R.},
  Year                     = {2004},

  __markedentry            = {[mafontai:3]},
  Owner                    = {mafontai},
  Timestamp                = {2017.07.03}
}

@InProceedings{wan2006sigma,
  Title                    = {Sigma-point filters: An overview with applications to integrated navigation and vision assisted control},
  Author                   = {Wan, E.},
  Booktitle                = {Proc. of Nonlinear Statistical Signal Processing Workshop},
  Year                     = {2006},
  Organization             = {IEEE},
  Pages                    = {201--202},

  __markedentry            = {[mafontai:3]}
}

@InProceedings{wang2008multivariate,
  Title                    = {Multivariate {L}aplace filter: a heavy-tailed model for target tracking},
  Author                   = {Wang, D. and Zhang, C. and Zhao, X.},
  Booktitle                = {Proc. of 19th International Conference on Pattern Recognition (ICPR)},
  Year                     = {2008},
  Organization             = {IEEE},
  Pages                    = {1--4},

  __markedentry            = {[mafontai:3]},
  Owner                    = {mafontai},
  Timestamp                = {2017.07.03}
}

@Book{wells2013kalman,
  Title                    = {The {K}alman filter in finance},
  Author                   = {Wells, C.},
  Publisher                = {Springer Science \& Business Media},
  Year                     = {2013},
  Volume                   = {32},

  __markedentry            = {[mafontai:3]},
  Owner                    = {mafontai},
  Timestamp                = {2017.07.27}
}

@Book{wiener1949extrapolation,
  Title                    = {Extrapolation, interpolation, and smoothing of stationary time series},
  Author                   = {Wiener, N.},
  Publisher                = {MIT press Cambridge, MA},
  Year                     = {1949},
  Volume                   = {7},

  __markedentry            = {[mafontai:3]},
  Owner                    = {mafontai},
  Timestamp                = {2017.07.27}
}

@Article{young1995recursive,
  Title                    = {Recursive implementation of the {G}aussian filter},
  Author                   = {Young, I. T. and Van Vliet, L. J.},
  Journal                  = {Signal processing},
  Year                     = {1995},
  Number                   = {2},
  Pages                    = {139--151},
  Volume                   = {44},

  __markedentry            = {[mafontai:3]},
  Owner                    = {mafontai},
  Publisher                = {Elsevier},
  Timestamp                = {2017.07.03}
}

@Article{zhong2013particle,
  Title                    = {Particle filtering for acoustic source tracking in impulsive noise with alpha-stable process},
  Author                   = {Zhong, X. and Premkumar, A. B. and Madhukumar, A. S.},
  Journal                  = IEEE_J_SENSOR,
  Year                     = {2013},
  Number                   = {2},
  Pages                    = {589--600},
  Volume                   = {13},

  __markedentry            = {[mafontai:3]},
  Owner                    = {mafontai},
  Publisher                = {IEEE},
  Timestamp                = {2017.07.03}
}

@Article{benaroya2006audio,
  author    = {L. Benaroya and F. Bimbot and R. Gribonval},
  title     = {Audio source separation with a single sensor},
  journal   = {IEEE Transactions on Audio, Speech, and Language Processing},
  year      = {2006},
  volume    = {14},
  number    = {1},
  pages     = {191--199},
  publisher = {IEEE},
}

@InProceedings{bassiou2014greek,
  author       = {N. Bassiou and C. Kotropoulos and I. Pitas},
  title        = {Greek folk music denoising under a symmetric $\alpha$-stable noise assumption},
  booktitle    = {10th International Conference on Heterogeneous Networking for Quality, Reliability, Security and Robustness (QShine)},
  year         = {2014},
  pages        = {18--23},
  organization = {IEEE},
}

@Article{csimcsekli2015alpha,
  author    = {U. {\c{S}}im{\c{s}}ekli and A. Liutkus and A.-T. Cemgil},
  title     = {Alpha-stable matrix factorization},
  journal   = {IEEE Signal Processing Letters},
  year      = {2015},
  volume    = {22},
  number    = {12},
  pages     = {2289--2293},
  publisher = {IEEE},
}

@Book{loizou2007speech,
  title     = {Speech enhancement: theory and practice},
  publisher = {CRC press},
  year      = {2007},
  author    = {P. Loizou},
}

@Book{jaynes2003probability,
  title     = {Probability theory: The logic of science},
  publisher = {Cambridge university press},
  year      = {2003},
  author    = {E.T. Jaynes},
}

@Article{ljung1979asymptotic,
  author    = {Ljung, Lennart},
  title     = {Asymptotic behavior of the extended Kalman filter as a parameter estimator for linear systems},
  journal   = {IEEE Transactions on Automatic Control},
  year      = {1979},
  volume    = {24},
  number    = {1},
  pages     = {36--50},
  publisher = {IEEE},
}

@Book{Nikias1995,
  title     = {Signal processing with alpha-stable distributions and applications},
  publisher = {Wiley-Interscience},
  year      = {1995},
  author    = {Nikias, Chrysostomos L and Shao, Min},
}

@inproceedings{wang2009ica,
  title={ICA by Maximizing Non-stability},
  author={Wang, B. and Kuruoglu, E.E. and Zhang, J.},
  booktitle={International Conference on Independent Component Analysis and Signal Separation},
  pages={179--186},
  year={2009},
  organization={Springer}
}

@Article{meier2009high,
  author    = {Meier, L. and Van de Geer, S. and B{\"u}hlmann, P. and others},
  title     = {High-dimensional additive modeling},
  journal   = {The Annals of Statistics},
  year      = {2009},
  volume    = {37},
  number    = {6B},
  pages     = {3779--3821},
  publisher = {Institute of Mathematical Statistics},
}

@InCollection{hastie2017generalized,
  author    = {Hastie, T.J.},
  title     = {Generalized additive models},
  booktitle = {Statistical models in S},
  publisher = {Routledge},
  year      = {2017},
  pages     = {249--307},
}

@InProceedings{durrande2012additive,
  author    = {Durrande, N. and Ginsbourger, D. and Roustant, O.},
  title     = {Additive covariance kernels for high-dimensional Gaussian process modeling},
  booktitle = {Annales de la Facult{\'e} des sciences de Toulouse: Math{\'e}matiques},
  year      = {2012},
  volume    = {21},
  number    = {3},
  pages     = {481--499},
}

@Article{marra2011practical,
  author    = {Marra, G. and Wood, S.N.},
  title     = {Practical variable selection for generalized additive models},
  journal   = {Computational Statistics \& Data Analysis},
  year      = {2011},
  volume    = {55},
  number    = {7},
  pages     = {2372--2387},
  publisher = {Elsevier},
}

@Article{wood2015generalized,
  author    = {Wood, S.N. and Goude, Y. and Shaw, S.},
  title     = {Generalized additive models for large data sets},
  journal   = {Journal of the Royal Statistical Society: Series C (Applied Statistics)},
  year      = {2015},
  volume    = {64},
  number    = {1},
  pages     = {139--155},
  publisher = {Wiley Online Library},
}

@InProceedings{duvenaud2011additive,
  author    = {Duvenaud, D.K. and Nickisch, H. and Rasmussen, C.E.},
  title     = {Additive gaussian processes},
  booktitle = {Advances in neural information processing systems},
  year      = {2011},
  pages     = {226--234},
}

@Article{fan2011nonparametric,
  author    = {Fan, J. and Feng, Y. and Song, R.},
  title     = {Nonparametric independence screening in sparse ultra-high-dimensional additive models},
  journal   = {Journal of the American Statistical Association},
  year      = {2011},
  volume    = {106},
  number    = {494},
  pages     = {544--557},
  publisher = {Taylor \& Francis},
}

@Article{febrero2013generalized,
  author    = {Febrero-Bande, M. and Gonz{\'a}lez-Manteiga, W.},
  title     = {Generalized additive models for functional data},
  journal   = {Test},
  year      = {2013},
  volume    = {22},
  number    = {2},
  pages     = {278--292},
  publisher = {Springer},
}

@Article{rafii2018overview,
  author    = {Z. Rafii and A. Liutkus and F.-R. Stoter and S.I. Mimilakis and D. FitzGerald and B. Pardo},
  title     = {An overview of lead and accompaniment separation in music},
  journal   = {IEEE/ACM Transactions on Audio, Speech and Language Processing (TASLP)},
  year      = {2018},
  volume    = {26},
  number    = {8},
  pages     = {1307--1335},
  publisher = {IEEE Press},
}

@Book{vincent2018audio,
  title     = {Audio source separation and speech enhancement},
  publisher = {John Wiley \& Sons},
  year      = {2018},
  author    = {E. Vincent and T. Virtanen and S. Gannot},
}

@Book{comon2010handbook,
  title     = {Handbook of Blind Source Separation: Independent component analysis and applications},
  publisher = {Academic press},
  year      = {2010},
  author    = {P. Comon and C. Jutten},
}

@Article{wang2018end,
  author  = {Z.-Q. Wang and J. Le~Roux and D. Wang and J.R. Hershey},
  title   = {End-to-end speech separation with unfolded iterative phase reconstruction},
  journal = {arXiv preprint arXiv:1804.10204},
  year    = {2018},
}

@InProceedings{venkataramani2018end,
  author       = {S. Venkataramani and J. Casebeer and P. Smaragdis},
  title        = {End-to-end source separation with adaptive front-ends},
  booktitle    = {2018 52nd Asilomar Conference on Signals, Systems, and Computers},
  year         = {2018},
  pages        = {684--688},
  organization = {IEEE},
}

@InProceedings{damon2013non,
  author       = {C. Damon and A. Liutkus and A. Gramfort and S. Essid},
  title        = {Non-negative matrix factorization for single-channel EEG artifact rejection},
  booktitle    = {2013 IEEE International Conference on Acoustics, Speech and Signal Processing},
  year         = {2013},
  pages        = {1177--1181},
  organization = {IEEE},
}

@InProceedings{cavalcant2019unmixing,
  author       = {Y.C. Cavalcant and T. Oberlin and N. Dobigeon and C. F{\'e}votte and S. Stute and C. Taube},
  title        = {Unmixing dynamic PET images: combining spatial heterogeneity and non-Gaussian noise},
  booktitle    = {ICASSP 2019-2019 IEEE International Conference on Acoustics, Speech and Signal Processing (ICASSP)},
  year         = {2019},
  pages        = {1373--1377},
  organization = {IEEE},
}

@InCollection{ozerov2018introduction,
  author    = {A. Ozerov and C. F{\'e}votte and E. Vincent},
  title     = {An introduction to multichannel NMF for audio source separation},
  booktitle = {Audio Source Separation},
  publisher = {Springer},
  year      = {2018},
  pages     = {73--94},
}

@InCollection{nugraha2018deep,
  author    = {A. Nugraha and A. Liutkus and E. Vincent},
  title     = {Deep neural network based multichannel audio source separation},
  booktitle = {Audio Source Separation},
  publisher = {Springer},
  year      = {2018},
  pages     = {157--185},
}

@InProceedings{kitamura2016student,
  author       = {K. Kitamura and Y. Bando and K. Itoyama and K. Yoshii},
  title        = {Student's t multichannel nonnegative matrix factorization for blind source separation},
  booktitle    = {2016 IEEE International Workshop on Acoustic Signal Enhancement (IWAENC)},
  year         = {2016},
  pages        = {1--5},
  organization = {IEEE},
}

@InProceedings{yoshii2016student,
  author       = {K. Yoshii and K. Itoyama and M. Goto},
  title        = {Student's t nonnegative matrix factorization and positive semidefinite tensor factorization for single-channel audio source separation},
  booktitle    = {2016 IEEE International Conference on Acoustics, Speech and Signal Processing (ICASSP)},
  year         = {2016},
  pages        = {51--55},
  organization = {IEEE},
}

@Article{bellman1966dynamic,
  author    = {Bellman, R.},
  title     = {Dynamic programming},
  journal   = {Science},
  year      = {1966},
  volume    = {153},
  number    = {3731},
  pages     = {34--37},
  publisher = {American Association for the Advancement of Science},
}

@Comment{jabref-meta: databaseType:bibtex;}
